# VI BCKG
@article{jordan1999vi,
	author = {{Michael Irwin} Jordan and Zoubin Ghahramani and Tommi Jaakkola and {Lawrence K} Saul},
	journal = {Machine learning},
	number = {2},
	pages = {183--233},
	title = {An introduction to variational methods for graphical models},
	volume = {37},
	year = {1999}}

@article{wainwright2008vi,
	author = {{Martin J} Wainwright and {Michael Irwin} Jordan},
	publisher = {Now Publishers},
	title = {Graphical Models, Exponential Families, and Variational Inference},
	journal = {Foundations and Trends in Machine Learning},
	year = {2008},
	volume = {1},
	pages = {1--305},
	number = {1--2}
	}

@article{blei2017vi,
	author = {David Blei and Alp Kucukelbir and Jon McAuliffe},
	journal = {Journal of the American Statistical Association},
	number = {518},
	pages = {859--877},
	title = {Variational inference: a review for statisticians},
	volume = {112},
	year = {2017}
	}

@inproceedings{ranganath2014bbvi,
    title={Black Box Variational Inference},
    author={Rajesh Ranganath and Sean Gerrish and David Blei},
    booktitle={Artificial Intelligence and Statistics},
    year={2014}
  }

@inproceedings{naesseth2020markovian,
    title={Markovian score climbing: Variational inference with KL (p|| q)},
    author={Christian Naesseth and Fredrik Lindsten and David Blei},
    booktitle={Advances in Neural Information Processing Systems},
    year={2020}
  }


@incollection{neal2011hmc,
    author = {{Radford M} Neal},
    title = {{MCMC Using Hamiltonian Dynamics}},
    booktitle = {Handbook of Markov Chain Monte Carlo},
    publisher = {CRC Press},
    year = {2011},
    pages = {113--162},
    chapter = {5}
}

@book{bishop2006pattern,
  title={Pattern Recognition and Machine Learning},
  author={Bishop, Christopher M and Nasrabadi, Nasser M},
  volume={4},
  number={4},
  year={2006},
  publisher={Springer}
}

@article{kl,
	title={On information and sufficiency},
	author={Solomon Kullback and {Richard A} Leibler},
	journal={The Annals of Mathematical Statistics},
	volume={22},
	number={1},
	pages={79--86},
	year={1951}
	}

@misc{pystan,
    title = {pystan (3.0.0)},
    author = {Riddell, Allen and Hartikainen, Ari and Carter, Matthew},
    year = {2021},
    howpublished = {PyPI}
  }
